

@inproceedings{Tan-2005,
    author={J. Tan, et al},
    title = {An initial investigation of the association between the SARS outbreak and weather: with the view of the environmental temperature and its variation},
    journal = {Journal of Epidemiology and Community Health},
    year = {2005}
}

@inproceedings{Araujo-2020,
    author={Miguel B. Araujo, Babak Naimi},
    title = {Spread of SARS-CoV-2 Coronavirus Likely to Be Constrained by Climate},
    journal = {MedRxiv},
    year = {2020}
}

@inproceedings{Gupta-2020,
    author={Sonal Gupta, et al},
    title = {Effect of Weather on COVID-19 Spread in the US: A Prediction Model for India in 2020},
    journal = {Science of The Total Environment},
    year = {2020}
}

@inproceedings{Sajadi-2020,
    author={Mohammad M. Sajadi, et al},
    title = {Temperature, Humidity and Latitude Analysis to Predict Potential Spread and Seasonality for COVID-19},
    journal = {SSRN},
    year = {2020}
}

@inproceedings{Chin-2020,
    author={Alex W. H. Chin, et al},
    title = {Stability of SARS-CoV-2 in Different Environmental Conditions},
    journal = {ScienceDirect},
    year = {2020}
}
@inproceedings{Bukhari-2020,
    author={Qasim Bukhari, Yusuf Jameel},
    title = {Will Coronavirus Pandemic Diminish by Summer?},
    journal = {SSRN},
    year = {2020}
}

@inproceedings{Kissler-2020,
    author={Stephen M. Kissler, et al},
    title = {Social distancing strategies for curbing the COVID-19 epidemic},
    journal = {MedRxiv},
    year = {2020}
}

@inproceedings{Kim-2020,
    author={Khae Hawn Kim},
    title = {COVID-19},
    journal = {International Neurology Journal},
    year = {2020}
}

@inproceedings{Adam-2020,
    author={David Adam},
    title = {Special report: The simulations driving the worldâ€™s response to COVID-19},
    journal = {Nature},
    year = {2020}
}

@inproceedings{Sun-2020,
    author={Zhong Sun, et al},
    title = {Potential Factors Influencing Repeated SARS Outbreaks in China},
    journal = {International Journal of Environmental Research and Public Health},
    year = {2020}
}

@inproceedings{Oliveiros-2020,
    author={Barbara Oliveiros, et al},
    title = {Role of temperature and humidity in the modulation of the doubling time of COVID-19 cases},
    journal = {MedRxiv},
    year = {2020}
}

@inproceedings{Ma-2020,
    author={Yueling Ma, et al},
    title = {Effects of temperature variation and humidity on the death of COVID-19 in Wuhan, China},
    journal = {Science of the Total Environment},
    year = {2020}
}

@inproceedings{Dangi-2020,
    author={Ravi Rai Dangi, Mathew George},
    title = {Temperature, Population and Longitudinal Analysis to Predict Potential Spread for COVID-19},
    journal = {SSRN},
    year = {2020}
}

@inproceedings{eeemonts-2020,
    author={eeemonts},
    title = {Weather/climate data for JHU's COVID19 sites},
    journal = {Kaggle},
    year = {2020}
}

@inproceedings{Mooney-2020,
    author={Paul Mooney},
    title = {Coronavirus COVID-19 Mortality Rate by Country},
    journal = {Kaggle},
    year = {2020}
}

@inproceedings{NOAA-2020,
    author={NOAA},
    title = {Daily Summaries California Counties},
    journal = {National Centers for Environmental Information},
    year = {2020}
}

@inproceedings{MyrnaMFL-2020,
    author={MyrnaMFL},
    title = {US counties COVID 10 dataset},
    journal = {Kaggle},
    year = {2020}
}